@misc{udacityDataset,
  title = {{Udacity Self-driving-car} Dataset},
  howpublished = {\url{https://github.com/udacity/self-driving-car/tree/master/datasets/CH2}},
  note = {Accessed: 2017-06-26}
}


@article{DBLP:journals/corr/BojarskiTDFFGJM16,
  author    = {Mariusz Bojarski and
               Davide Del Testa and
               Daniel Dworakowski and
               Bernhard Firner and
               Beat Flepp and
               Prasoon Goyal and
               Lawrence D. Jackel and
               Mathew Monfort and
               Urs Muller and
               Jiakai Zhang and
               Xin Zhang and
               Jake Zhao and
               Karol Zieba},
  title     = {End to End Learning for Self-Driving Cars},
  journal   = {CoRR},
  volume    = {abs/1604.07316},
  year      = {2016},
  url       = {http://arxiv.org/abs/1604.07316},
  timestamp = {Wed, 07 Jun 2017 14:42:51 +0200},
  biburl    = {http://dblp.uni-trier.de/rec/bib/journals/corr/BojarskiTDFFGJM16},
  bibsource = {dblp computer science bibliography, http://dblp.org}
}


@article{DBLP:journals/pami/ShelhamerLD17,
	author    = {Evan Shelhamer and
	Jonathan Long and
	Trevor Darrell},
	title     = {Fully Convolutional Networks for Semantic Segmentation},
	journal   = {{IEEE} Trans. Pattern Anal. Mach. Intell.},
	volume    = {39},
	number    = {4},
	pages     = {640--651},
	year      = {2017},
	url       = {https://doi.org/10.1109/TPAMI.2016.2572683},
	doi       = {10.1109/TPAMI.2016.2572683},
	timestamp = {Wed, 17 May 2017 10:56:26 +0200},
	biburl    = {http://dblp.dagstuhl.de/rec/bib/journals/pami/ShelhamerLD17},
	bibsource = {dblp computer science bibliography, http://dblp.org}
}

@article{DBLP:journals/corr/SermanetEZMFL13,
	author    = {Pierre Sermanet and
	David Eigen and
	Xiang Zhang and
	Micha{\"{e}}l Mathieu and
	Rob Fergus and
	Yann LeCun},
	title     = {OverFeat: Integrated Recognition, Localization and Detection using
	Convolutional Networks},
	journal   = {CoRR},
	volume    = {abs/1312.6229},
	year      = {2013},
	url       = {http://arxiv.org/abs/1312.6229},
	timestamp = {Wed, 07 Jun 2017 14:42:22 +0200},
	biburl    = {http://dblp.dagstuhl.de/rec/bib/journals/corr/SermanetEZMFL13},
	bibsource = {dblp computer science bibliography, http://dblp.org}
}


@inproceedings{conf/cvpr/OquabBLS15,
	added-at = {2016-04-28T00:00:00.000+0200},
	author = {Oquab, Maxime and Bottou, LÃ©on and Laptev, Ivan and Sivic, Josef},
	biburl = {https://www.bibsonomy.org/bibtex/2d3bb463d9f4202f9804ff52a5b896d2d/dblp},
	booktitle = {CVPR},
	crossref = {conf/cvpr/2015},
	ee = {http://doi.ieeecomputersociety.org/10.1109/CVPR.2015.7298668},
	interhash = {53047b5c2435e70cfca2a7a3eee2c5d0},
	intrahash = {d3bb463d9f4202f9804ff52a5b896d2d},
	isbn = {978-1-4673-6964-0},
	keywords = {dblp},
	pages = {685-694},
	publisher = {IEEE Computer Society},
	timestamp = {2016-04-29T11:54:14.000+0200},
	title = {Is object localization for free? - Weakly-supervised learning with convolutional neural networks.},
	url = {http://dblp.uni-trier.de/db/conf/cvpr/cvpr2015.html#OquabBLS15},
	year = 2015
}

@inproceedings{DBLP:conf/cvpr/NgHVVMT15,
	author    = {Joe Yue{-}Hei Ng and
	Matthew J. Hausknecht and
	Sudheendra Vijayanarasimhan and
	Oriol Vinyals and
	Rajat Monga and
	George Toderici},
	title     = {Beyond short snippets: Deep networks for video classification},
	booktitle = {{IEEE} Conference on Computer Vision and Pattern Recognition, {CVPR}
	2015, Boston, MA, USA, June 7-12, 2015},
	pages     = {4694--4702},
	year      = {2015},
	crossref  = {DBLP:conf/cvpr/2015},
	url       = {https://doi.org/10.1109/CVPR.2015.7299101},
	doi       = {10.1109/CVPR.2015.7299101},
	timestamp = {Thu, 25 May 2017 00:41:16 +0200},
	biburl    = {http://dblp.dagstuhl.de/rec/bib/conf/cvpr/NgHVVMT15},
	bibsource = {dblp computer science bibliography, http://dblp.org}
}

@inproceedings{DBLP:conf/nips/SimonyanZ14,
	author    = {Karen Simonyan and
	Andrew Zisserman},
	title     = {Two-Stream Convolutional Networks for Action Recognition in Videos},
	booktitle = {Advances in Neural Information Processing Systems 27: Annual Conference
	on Neural Information Processing Systems 2014, December 8-13 2014,
	Montreal, Quebec, Canada},
	pages     = {568--576},
	year      = {2014},
	crossref  = {DBLP:conf/nips/2014},
	url       = {http://papers.nips.cc/paper/5353-two-stream-convolutional-networks-for-action-recognition-in-videos},
	timestamp = {Wed, 10 Dec 2014 21:34:12 +0100},
	biburl    = {http://dblp.dagstuhl.de/rec/bib/conf/nips/SimonyanZ14},
	bibsource = {dblp computer science bibliography, http://dblp.org}
}

@article{He2015,
	author = {Kaiming He and Xiangyu Zhang and Shaoqing Ren and Jian Sun},
	title = {Deep Residual Learning for Image Recognition},
	journal = {arXiv preprint arXiv:1512.03385},
	year = {2015}
}








@article{DBLP:journals/neco/HochreiterS97,
  author    = {Sepp Hochreiter and
               J{\"{u}}rgen Schmidhuber},
  title     = {Long Short-Term Memory},
  journal   = {Neural Computation},
  volume    = {9},
  number    = {8},
  pages     = {1735--1780},
  year      = {1997},
  url       = {https://doi.org/10.1162/neco.1997.9.8.1735},
  doi       = {10.1162/neco.1997.9.8.1735},
  timestamp = {Sun, 28 May 2017 13:19:00 +0200},
  biburl    = {http://dblp.uni-trier.de/rec/bib/journals/neco/HochreiterS97},
  bibsource = {dblp computer science bibliography, http://dblp.org}
}

@misc{SFopendata,
  title = {{Map of Police Department Incidents} Dataset},
  howpublished = {\url{https://data.sfgov.org/Public-Safety/Map-of-Police-Department-Incidents/gxxq-x39z/data}},
  note = {Accessed: 2017-06-27}
}

